<record><leader>00000cas a22000007a 4500</leader><controlfield tag="001">62325029</controlfield><controlfield tag="006">m     o  d        </controlfield><controlfield tag="007">cr cnu||||||||</controlfield><controlfield tag="008">051122c20059999wauer nso     0   a0eng c</controlfield><controlfield tag="009">467</controlfield><datafield ind1=" " ind2=" " tag="010"><subfield code="a">  2005214798</subfield></datafield><datafield ind1=" " ind2=" " tag="040"><subfield code="a">NSD</subfield><subfield code="b">eng</subfield><subfield code="c">NSD</subfield><subfield code="d">OCLCQ</subfield></datafield><datafield ind1=" " ind2=" " tag="012"><subfield code="l">1</subfield></datafield><datafield ind1="1" ind2=" " tag="022"><subfield code="a">1558-9811</subfield><subfield code="l">1558-9811</subfield><subfield code="2">1</subfield></datafield><datafield ind1="1" ind2=" " tag="029"><subfield code="a">AU@</subfield><subfield code="b">000040175600</subfield></datafield><datafield ind1=" " ind2=" " tag="037"><subfield code="b">Northwest Cycle News, 2410 North 25th Pl., Mount Vernon, WA 98273</subfield></datafield><datafield ind1=" " ind2=" " tag="042"><subfield code="a">pcc</subfield><subfield code="a">nsdp</subfield></datafield><datafield ind1="1" ind2="0" tag="050"><subfield code="a">ISSN RECORD</subfield></datafield><datafield ind1=" " ind2="0" tag="222"><subfield code="a">Northwest cycle news</subfield></datafield><datafield ind1="0" ind2="0" tag="245"><subfield code="a">Northwest cycle news</subfield><subfield code="h">[electronic resource].</subfield></datafield><datafield ind1=" " ind2=" " tag="260"><subfield code="a">Mount Vernon, WA :</subfield><subfield code="b">J. Davis,</subfield><subfield code="c">2005-</subfield></datafield><datafield ind1=" " ind2=" " tag="310"><subfield code="a">Biweekly</subfield></datafield><datafield ind1="0" ind2=" " tag="362"><subfield code="a">May 11, 2005-</subfield></datafield><datafield ind1=" " ind2=" " tag="500"><subfield code="a">Title from title banner (publisher's website, viewed Nov. 16, 2005).</subfield></datafield><datafield ind1=" " ind2=" " tag="538"><subfield code="a">Mode of access: World Wide Web.</subfield></datafield><datafield ind1="1" ind2=" " tag="700"><subfield code="a">Davis, John.</subfield></datafield><datafield ind1="4" ind2="0" tag="856"><subfield code="u">http://www.northwestcyclenews.com</subfield></datafield></record>